<record><leader>00000cas a22000007a 4500</leader><controlfield tag="001">11355874</controlfield><controlfield tag="008">841107d18951896wiuwr ne      0    0eng d</controlfield><datafield ind1=" " ind2=" " tag="010"><subfield code="a">sn 84024890 </subfield></datafield><datafield ind1=" " ind2=" " tag="040"><subfield code="a">NPV</subfield><subfield code="b">eng</subfield><subfield code="c">NPV</subfield><subfield code="d">OCLCQ</subfield></datafield><datafield ind1=" " ind2=" " tag="042"><subfield code="a">msc</subfield></datafield><datafield ind1=" " ind2=" " tag="043"><subfield code="a">n-us-wi</subfield></datafield><datafield ind1=" " ind2=" " tag="045"><subfield code="a">w9w9</subfield></datafield><datafield ind1=" " ind2=" " tag="052"><subfield code="a">4123</subfield><subfield code="b">G7</subfield></datafield><datafield ind1="0" ind2=" " tag="130"><subfield code="a">Albany journal (Albany, Wis. : 1895)</subfield></datafield><datafield ind1="1" ind2="4" tag="245"><subfield code="a">The Albany journal.</subfield></datafield><datafield ind1=" " ind2=" " tag="260"><subfield code="a">Albany, Wis. :</subfield><subfield code="b">Journal Pub. Co.,</subfield><subfield code="c">1895-1896.</subfield></datafield><datafield ind1=" " ind2=" " tag="300"><subfield code="a">v. :</subfield><subfield code="b">ill.</subfield></datafield><datafield ind1=" " ind2=" " tag="310"><subfield code="a">Weekly</subfield></datafield><datafield ind1="0" ind2=" " tag="362"><subfield code="a">Vol. 1, no. 1 (Nov. 7, 1895)-v.1, no. 16 (Feb. 27, 1896).</subfield></datafield><datafield ind1=" " ind2=" " tag="752"><subfield code="a">United States</subfield><subfield code="b">Wisconsin</subfield><subfield code="c">Green</subfield><subfield code="d">Albany.</subfield></datafield></record>